<record><leader>00000cas a2200000 i 4500</leader><controlfield tag="001">837660294</controlfield><controlfield tag="006">m     o  d        </controlfield><controlfield tag="007">cr |||||||||||</controlfield><controlfield tag="008">130410d18501882vtuwr ne      0   a0eng  </controlfield><datafield ind1=" " ind2=" " tag="010"><subfield code="a">  2013218717</subfield></datafield><datafield ind1=" " ind2=" " tag="040"><subfield code="a">DLC</subfield><subfield code="b">eng</subfield><subfield code="e">rda</subfield><subfield code="c">DLC</subfield><subfield code="d">DLC</subfield><subfield code="d">OCLCQ</subfield><subfield code="d">OCLCA</subfield><subfield code="d">OCLCF</subfield><subfield code="d">OCLCA</subfield></datafield><datafield ind1="0" ind2=" " tag="022"><subfield code="a">2328-1189</subfield><subfield code="2">1</subfield></datafield><datafield ind1=" " ind2=" " tag="042"><subfield code="a">pcc</subfield><subfield code="a">nsdp</subfield></datafield><datafield ind1=" " ind2=" " tag="043"><subfield code="a">n-us-vt</subfield></datafield><datafield ind1="1" ind2="0" tag="050"><subfield code="a">ISSN RECORD</subfield></datafield><datafield ind1="0" ind2="0" tag="082"><subfield code="a">071</subfield><subfield code="2">23</subfield></datafield><datafield ind1="0" ind2=" " tag="130"><subfield code="a">Middlebury register (Middlebury, Vt. : 1850 : Online)</subfield></datafield><datafield ind1=" " ind2="4" tag="222"><subfield code="a">The Middlebury register (Middlebury, Vt. 1850. Online)</subfield></datafield><datafield ind1="1" ind2="4" tag="245"><subfield code="a">The Middlebury register.</subfield></datafield><datafield ind1=" " ind2="1" tag="264"><subfield code="a">Middlebury, Vermont :</subfield><subfield code="b">J.H. Barrett &amp; Cobb,</subfield><subfield code="c">1850-1882.</subfield></datafield><datafield ind1=" " ind2=" " tag="310"><subfield code="a">Weekly</subfield></datafield><datafield ind1=" " ind2=" " tag="336"><subfield code="a">text</subfield><subfield code="b">txt</subfield><subfield code="2">rdacontent</subfield></datafield><datafield ind1=" " ind2=" " tag="337"><subfield code="a">computer</subfield><subfield code="b">c</subfield><subfield code="2">rdamedia</subfield></datafield><datafield ind1=" " ind2=" " tag="338"><subfield code="a">online resource</subfield><subfield code="b">cr</subfield><subfield code="2">rdacarrier</subfield></datafield><datafield ind1="1" ind2=" " tag="362"><subfield code="a">Began with volume XIV, number 38 (Jan. 15, 1850); ceased with vol. XLVII, no. 39 (Dec. 29, 1882).</subfield></datafield><datafield ind1=" " ind2=" " tag="500"><subfield code="a">Publishers: J. Cobb, 1852-1854; Barrett &amp; Cobb, 1854-1856; J. Cobb &amp; Co., 1856-1857; Cobb &amp; Mead, 1857-1858; Mead &amp; Fuller, 1858-1865; Knapp &amp; Fuller, 1865-1867; L. Knapp, 1867-1870; Register Printing Co., 1870-1873; Knapp &amp; Fuller, 1873-1875; Knapp &amp; Bailey, 1875-1877.</subfield></datafield><datafield ind1=" " ind2=" " tag="500"><subfield code="a">Republican. Cf. Rowell, 1880.</subfield></datafield><datafield ind1=" " ind2=" " tag="500"><subfield code="a">Editor: J.H. Barrett, 1850-1856.</subfield></datafield><datafield ind1=" " ind2=" " tag="530"><subfield code="a">Also issued in print.</subfield></datafield><datafield ind1=" " ind2=" " tag="580"><subfield code="a">Merged with: Addison County journal (Middlebury, Vt. : 1876) to form: Middlebury register and Addison County journal (Middlebury, Vt. : 1883).</subfield></datafield><datafield ind1=" " ind2=" " tag="588"><subfield code="a">Description based on print version record.</subfield></datafield><datafield ind1=" " ind2=" " tag="588"><subfield code="a">Latest issue consulted: Vol. XLVII, no. 39 (December 29, 1882) (Chroniclingamerica.loc.gov, viewed Apr. 10, 2013).</subfield></datafield><datafield ind1=" " ind2="0" tag="651"><subfield code="a">Middlebury (Vt.)</subfield><subfield code="v">Newspapers.</subfield></datafield><datafield ind1=" " ind2="0" tag="651"><subfield code="a">Vermont</subfield><subfield code="v">Newspapers.</subfield></datafield><datafield ind1=" " ind2="7" tag="655"><subfield code="a">Newspapers.</subfield><subfield code="2">fast</subfield><subfield code="0">(OCoLC)fst01423814</subfield></datafield><datafield ind1=" " ind2="7" tag="651"><subfield code="a">Vermont.</subfield><subfield code="2">fast</subfield><subfield code="0">(OCoLC)fst01204305</subfield></datafield><datafield ind1=" " ind2="7" tag="651"><subfield code="a">Vermont</subfield><subfield code="z">Middlebury.</subfield><subfield code="2">fast</subfield><subfield code="0">(OCoLC)fst01202765</subfield></datafield><datafield ind1="1" ind2=" " tag="700"><subfield code="a">Barrett, Joseph H.</subfield><subfield code="q">(Joseph Hartwell),</subfield><subfield code="d">1824-1910.</subfield></datafield><datafield ind1=" " ind2=" " tag="752"><subfield code="a">United States</subfield><subfield code="b">Vermont</subfield><subfield code="c">Addison</subfield><subfield code="d">Middlebury.</subfield></datafield><datafield ind1="1" ind2=" " tag="776"><subfield code="t">Middlebury register (Middlebury, Vt. : 1850)</subfield><subfield code="x">2328-1170</subfield><subfield code="w">(DLC)sn 83025667</subfield><subfield code="w">(OCoLC)9735833</subfield></datafield><datafield ind1="0" ind2="0" tag="780"><subfield code="t">Middlebury galaxy (Online)</subfield></datafield><datafield ind1="1" ind2="7" tag="785"><subfield code="t">Addison County journal (Middlebury, Vt. : 1876 : Online)</subfield></datafield><datafield ind1="1" ind2="7" tag="785"><subfield code="t">Middlebury register and Addison County journal (Middlebury, Vt. : 1883 : Online)</subfield><subfield code="x">2328-1200</subfield><subfield code="w">(DLC)  2013218718</subfield><subfield code="w">(OCoLC)837675608</subfield></datafield><datafield ind1="4" ind2="1" tag="856"><subfield code="u">http://chroniclingamerica.loc.gov/lccn/sn83025667/issues/</subfield></datafield></record>